@article{ramirez2022blis,
  title={A BLIS-like matrix multiplication for machine learning in the RISC-V ISA-based GAP8 processor},
  author={Ram{\'\i}rez, Cristian and Castell{\'o}, Adri{\'a}n and Quintana-Orti, Enrique S},
  journal={The Journal of Supercomputing},
  volume={78},
  number={16},
  pages={18051--18060},
  year={2022},
  publisher={Springer}
}

@article{Ramirez2024Parallel,
  title={Parallel GEMM-based convolution for deep learning on multicore RISC-V processors},
  author={Ram{\'i}rez, Cristian and Castell{\'o}, Adri{\'a}n and Mart{\'i}nez, Helena and others},
  journal={Journal of Supercomputing},
  volume={2024},
  year={2024},
  publisher={Springer},
  doi={10.1007/s11227-024-05927-y}
}


